<collection xmlns="http://www.loc.gov/MARC21/slim">
<record>
  <leader>00835nam0a22001691i 450 </leader>
  <controlfield tag="001">IT\ICCU\CNCE\076256</controlfield>
  <controlfield tag="005">20110824000000.0</controlfield>
  <datafield tag="012" ind1=" " ind2=" ">
    <subfield code="a">a.s. amtu l.m. reCa (3) 1536 (A)</subfield>
    <subfield code="2">fei</subfield>
  </datafield>
  <datafield tag="100" ind1=" " ind2=" ">
    <subfield code="a">20110811d1536        0itac0103    ba</subfield>
  </datafield>
  <datafield tag="101" ind1=" " ind2=" ">
    <subfield code="a">LAT</subfield>
  </datafield>
  <datafield tag="102" ind1=" " ind2=" ">
    <subfield code="a">IT</subfield>
  </datafield>
  <datafield tag="200" ind1="1" ind2=" ">
    <subfield code="a">Consilia clarissimorum. I. V. docto. domini Ioan. Iacobi de Leonardis de Pisauro ... et domini Alberti Bruni Astensis pro defensione veritatis : in fauorem ... Guidobaldi Feltrij de Ruere ... et ... Iulie Feltrie de Varano ... nuper in lucem edita. Cum Summarijs et Repertorio per ... Camillum de Iordanis ...</subfield>
  </datafield>
  <datafield tag="210" ind1=" " ind2=" ">
    <subfield code="e">Venetijs</subfield>
    <subfield code="g">apud Hieronymum Lilium Venetum: et fratres</subfield>
    <subfield code="h">1536 die. 10. Octobris</subfield>
  </datafield>
  <datafield tag="215" ind1=" " ind2=" ">
    <subfield code="a">XXVIII c.</subfield>
    <subfield code="d">2\</subfield>
  </datafield>
  <datafield tag="712" ind1="0" ind2="2">
    <subfield code="a">s.n.</subfield>
    <subfield code="3">IT\ICCU\CNCT\000002</subfield>
    <subfield code="4">650</subfield>
  </datafield>
  <datafield tag="801" ind1=" " ind2="3">
    <subfield code="a">IT</subfield>
    <subfield code="b">ICCU</subfield>
    <subfield code="c">20201115</subfield>
  </datafield>
  <datafield tag="899" ind1=" " ind2=" ">
    <subfield code="a">Biblioteca nazionale Marciana. Venezia</subfield>
    <subfield code="1">VE0049</subfield>
    <subfield code="2">VEA BM</subfield>
  </datafield>
</record>
</collection>
